@article{ekg1,
	title={Электрокардиограмма: Анализ и интерпретация},
	author={Струтынский, АНДРЕЙ ВЛАДИСЛАВОВИЧ},
	journal={М., Медпресс-информ},
	year={2009}
}
@ARTICLE{Ballistocardiograms, 
	author={Bruser, C. and Stadlthanner, K. and de Waele, S. and Leonhardt, S.}, 
	journal={Information Technology in Biomedicine, IEEE Transactions on}, 
	title={Adaptive Beat-to-Beat Heart Rate Estimation in Ballistocardiograms}, 
	year={2011}, 
	volume={15}, 
	number={5}, 
	pages={778-786}, 
	keywords={biomechanics;cardiology;medical signal detection;medical signal processing;ECG reference;adaptive beat-to-beat heart rate estimation;automatic training step;ballistocardiograms;beat-to-beat interval lengths;healthy subjects;individual heart beats;mechanical activity;single heart beat;unsupervised learning techniques;Estimation;Heart beat;Reliability;Training;Valves;Ballistocardiography (BCG);beat-to-beat heart rate estimation;clustering;Adaptation, Physiological;Algorithms;Electrocardiography;Heart Rate;Humans}, 
	doi={10.1109/TITB.2011.2128337}, 
	ISSN={1089-7771}, 
	month={Sept}}

@article{Photoplethysmography,
	author={John Allen},
	title={Photoplethysmography and its application in clinical physiological measurement},
	journal={Physiological Measurement},
	volume={28},
	number={3},
	pages={R1},
	url={http://stacks.iop.org/0967-3334/28/i=3/a=R01},
	year={2007},
	abstract={Photoplethysmography (PPG) is a simple and low-cost optical technique that can be used to detect blood volume changes in the microvascular bed of tissue. It is often used non-invasively to make measurements at the skin surface. The PPG waveform comprises a pulsatile ('AC') physiological waveform attributed to cardiac synchronous changes in the blood volume with each heart beat, and is superimposed on a slowly varying ('DC') baseline with various lower frequency components attributed to respiration, sympathetic nervous system activity and thermoregulation. Although the origins of the components of the PPG signal are not fully understood, it is generally accepted that they can provide valuable information about the cardiovascular system. There has been a resurgence of interest in the technique in recent years, driven by the demand for low cost, simple and portable technology for the primary care and community based clinical settings, the wide availability of low cost and small semiconductor components, and the advancement of computer-based pulse wave analysis techniques. The PPG technology has been used in a wide range of commercially available medical devices for measuring oxygen saturation, blood pressure and cardiac output, assessing autonomic function and also detecting peripheral vascular disease. The introductory sections of the topical review describe the basic principle of operation and interaction of light with tissue, early and recent history of PPG, instrumentation, measurement protocol, and pulse wave analysis. The review then focuses on the applications of PPG in clinical physiological measurements, including clinical physiological monitoring, vascular assessment and autonomic function.}
}

@article{hrv_and_sensitivity,
	title={Sensitivity and diagnosticity of the 0.1-Hz component of heart rate variability as an indicator of mental workload},
	author={Nickel, Peter and Nachreiner, Friedhelm},
	journal={Human Factors: The Journal of the Human Factors and Ergonomics Society},
	volume={45},
	number={4},
	pages={575--590},
	year={2003},
	publisher={Sage Publications}
}

@BOOK{EKG,
author = "Ю. И. Зудбинов",
title = "АЗБУКА ЭКГ",
address = "Ростов-на-дону",
publisher = "Феникс",
year = 2003,
numpages = 160,
language = "russian"
}

@article{hrv_and_respiratory,
	title={Respiratory sinus arrhythmia as a function of state anxiety in healthy individuals},
	author={J{\"o}nsson, Peter},
	journal={International journal of psychophysiology},
	volume={63},
	number={1},
	pages={48--54},
	year={2007},
	publisher={Elsevier}
} 
 
@article{hrv_and_phisical_health,
	title={Frequency domain measures of heart period variability and mortality after myocardial infarction.},
	author={Bigger, J Th and Fleiss, Joseph L and Steinman, Richard C and Rolnitzky, Linda M and Kleiger, Robert E and Rottman, Jeffrey N},
	journal={Circulation},
	volume={85},
	number={1},
	pages={164--171},
	year={1992},
	publisher={Am Heart Assoc}
}

@article{two_rates_hrv,
	title={Analysis of heart rate variability},
	author={Sayers, B. McA},
	journal={Ergonomics},
	volume={16},
	number={1},
	pages={17--32},
	year={1973},
	publisher={Taylor \& Francis}
}

@article{mayer_wave,
	title={The enigma of Mayer waves: facts and models},
	author={Julien, Claude},
	journal={Cardiovascular research},
	volume={70},
	number={1},
	pages={12--21},
	year={2006},
	publisher={The Oxford University Press}
}

@article{pNN,
	title={The pNNx files: re-examining a widely used heart rate variability measure},
	author={Mietus, JE and Peng, CK and Henry, I and Goldsmith, RL and Goldberger, AL},
	journal={Heart},
	volume={88},
	number={4},
	pages={378--380},
	year={2002},
	publisher={BMJ Publishing Group Ltd and British Cardiovascular Society}
}

@article{metric_of_hrv,
	title={Dynamic metrics of heart rate variability},
	author={Goss, Clinton F and Miller, Eric B},
	journal={arXiv preprint arXiv:1308.6018},
	year={2013}
}

@article{geometric_metric,
	title={Geometric indexes of heart rate variability in obese and eutrophic children},
	author={Vanderlei, Luiz Carlos Marques and Pastre, Carlos Marcelo and Freitas J{\'u}nior, Ismael Forte and Godoy, Moacir Fernandes de},
	journal={Arquivos brasileiros de cardiologia},
	volume={95},
	number={1},
	pages={35--40},
	year={2010},
	publisher={SciELO Brasil}
}

@article{autocorr_metric,
	title={Long-range anticorrelations and non-Gaussian behavior of the heartbeat},
	author={Peng, C-K and Mietus, J and Hausdorff, JM and Havlin, S and Stanley, H Eugene and Goldberger, AL},
	journal={Physical review letters},
	volume={70},
	number={9},
	pages={1343},
	year={1993},
	publisher={APS}
}

@article{non_linear_metric,
	title={Lack of evidence for low-dimensional chaos in heart rate variability},
	author={Kanters, J{\o}rgen K and HOLSTEIN-RATHLOU, NIELS-HENRIK and Agner, Erik},
	journal={Journal of cardiovascular electrophysiology},
	volume={5},
	number={7},
	pages={591--601},
	year={1994},
	publisher={Wiley Online Library}
}

@article{poinkare_plot,
	title={Application of the Poincare plot to heart rate variability: a new measure of functional status in heart failure},
	author={Kamen, PW and Tonkin, AM},
	journal={Australian and New Zealand journal of medicine},
	volume={25},
	number={1},
	pages={18--26},
	year={1995},
	publisher={Wiley Online Library}
}

@incollection{fractal_dim,
	title={Measuring the strangeness of strange attractors},
	author={Grassberger, Peter and Procaccia, Itamar},
	booktitle={The Theory of Chaotic Attractors},
	pages={170--189},
	year={2004},
	publisher={Springer}
}

@article{entropy1,
	title={Approximate entropy and point correlation dimension of heart rate variability in healthy subjects},
	author={Storella, Robert J and Wood, Harrison W and Mills, Kenneth M and Kanters, J{\o}rgen K and H{\o}jgaard, Michael V and Holstein-Rathlou, Niels-Henrik},
	journal={Integrative physiological and behavioral science},
	volume={33},
	number={4},
	pages={315--320},
	year={1998},
	publisher={Springer}
}

@article{entropy2,
	title={Physiological time-series analysis using approximate entropy and sample entropy},
	author={Richman, Joshua S and Moorman, J Randall},
	journal={American Journal of Physiology-Heart and Circulatory Physiology},
	volume={278},
	number={6},
	pages={H2039--H2049},
	year={2000},
	publisher={Am Physiological Soc}
}

@article{entropy3,
	title={Multiscale entropy analysis of complex physiologic time series},
	author={Costa, Madalena and Goldberger, Ary L and Peng, C-K},
	journal={Physical review letters},
	volume={89},
	number={6},
	pages={068102},
	year={2002},
	publisher={APS}
}

@article{fluct_analis,
	title={Detecting long-range correlations with detrended fluctuation analysis},
	author={Kantelhardt, Jan W and Koscielny-Bunde, Eva and Rego, Henio HA and Havlin, Shlomo and Bunde, Armin},
	journal={Physica A: Statistical Mechanics and its Applications},
	volume={295},
	number={3},
	pages={441--454},
	year={2001},
	publisher={Elsevier}
}

@article{other_analis1,
	title={Sample asymmetry analysis of heart rate characteristics with application to neonatal sepsis and systemic inflammatory response syndrome},
	author={Kovatchev, Boris P and Farhy, Leon S and Cao, Hanqing and Griffin, M Pamela and Lake, Douglas E and Moorman, J Randall},
	journal={Pediatric research},
	volume={54},
	number={6},
	pages={892--898},
	year={2003},
	publisher={Nature Publishing Group}
}

@article{other_analis2,
	title={Quantifying memory in complex physiological time-series},
	author={Shirazi, Amir H and Raoufy, Mohammad R and Ebadi, Haleh and De Rui, Michele and Schiff, Sami and Mazloom, Roham and Hajizadeh, Sohrab and Gharibzadeh, Shahriar and Dehpour, Ahmad R and Amodio, Piero and others},
	journal={PloS one},
	volume={8},
	number={9},
	pages={e72854},
	year={2013},
	publisher={Public Library of Science}
}

@article{other_analis3,
	title={Inverse statistical approach in heartbeat time series},
	author={Ebadi, H and Shirazi, AH and Mani, Ali R and Jafari, GR},
	journal={Journal of Statistical Mechanics: Theory and Experiment},
	volume={2011},
	number={08},
	pages={P08014},
	year={2011},
	publisher={IOP Publishing}
}

@book{neural_network,
	title={Neural networks: a systematic introduction},
	author={Rojas, Ra{\'u}l},
	year={2013},
	publisher={Springer Science \& Business Media}
}

@article{hopfild_network,
	title={Logic learning in Hopfield networks},
	author={Sathasivam, Saratha and Abdullah, Wan Ahmad Tajuddin Wan},
	journal={arXiv preprint arXiv:0804.4075},
	year={2008}
}

@inproceedings{rnn_for_speech_recognition,
	title={Speech recognition with deep recurrent neural networks},
	author={Graves, Alan and Mohamed, Abdel-rahman and Hinton, Geoffrey},
	booktitle={Acoustics, Speech and Signal Processing (ICASSP), 2013 IEEE International Conference on},
	pages={6645--6649},
	year={2013},
	organization={IEEE}
}

@inproceedings{rnn_for_text_recognition,
	title={Segmentation-free Handwritten Chinese Text Recognition with LSTM-RNN},
	author={Messina, Ronaldo and Louradour, J{\'e}r{\^o}me},
	booktitle={Document Analysis and Recognition (ICDAR), 2015 13th International Conference on},
	pages={171--175},
	year={2015},
	organization={IEEE}
}

@article{rnn_for_translation,
	title={Learning phrase representations using rnn encoder-decoder for statistical machine translation},
	author={Cho, Kyunghyun and Van Merri{\"e}nboer, Bart and Gulcehre, Caglar and Bahdanau, Dzmitry and Bougares, Fethi and Schwenk, Holger and Bengio, Yoshua},
	journal={arXiv preprint arXiv:1406.1078},
	year={2014}
}

@article{rnn_for_prediction,
	title={Deep Recurrent Neural Networks for Time Series Prediction},
	author={Prasad, Sharat C and Prasad, Piyush},
	journal={arXiv preprint arXiv:1407.5949},
	year={2014}
}

@article{vanishing_gradient_problem,
	title={The vanishing gradient problem during learning recurrent neural nets and problem solutions},
	author={Hochreiter, Sepp},
	journal={International Journal of Uncertainty, Fuzziness and Knowledge-Based Systems},
	volume={6},
	number={02},
	pages={107--116},
	year={1998},
	publisher={World Scientific}
}

@article{create_lstm,
	title={Long short-term memory},
	author={Hochreiter, Sepp and Schmidhuber, J{\"u}rgen},
	journal={Neural computation},
	volume={9},
	number={8},
	pages={1735--1780},
	year={1997},
	publisher={MIT Press}
}

@article{Backpropagation,
	title={A focused back-propagation algorithm for temporal pattern recognition},
	author={Mozer, Michael C},
	journal={Complex systems},
	volume={3},
	number={4},
	pages={349--381},
	year={1989}
}

@article{voronsov,
	title={Глубокое обучение в задаче информационного анализа электрокардиограмм для диагностики заболеваний},
	author={Игнатов, Андрей}
}

@article{polarization_heart,
  title={Электрокардиограмма: анализ и ин терпретация},
  author={Струтынский, АВ},
  journal={М.: ООО {\guillemotleft}МЕДпресс},
  year={1999}
}